
%% IEEEexample.bib
%% V1.10
%% 2002/09/27
%% Copyright (c) 2002 by Michael Shell
%% mshell(at)ece.gatech.edu
%% See support website below for current contact information.
%%
%% NOTE: This text file uses MS Windows line feed conventions. When (human)
%% reading this file on other platforms, you may have to use a text
%% editor that can handle lines terminated by the MS Windows line feed
%% characters (0x0D 0x0A).
%%
%% This is an example BibTeX database for the official IEEEtran.bst
%% BibTeX style file.
%%
%% Some entries call strings that are defined in the IEEEabrv.bib file.
%% Therefore, IEEEabrv.bib should be loaded prior to this file.
%% Usage:
%%
%% \bibliographystyle{./IEEEtran} % use IEEEtran.bst style
%% \bibliography{./IEEEabrv,./IEEEexample}
%%
%%
%% Support sites:
%% http://www.ctan.org/tex-archive/macros/latex/contrib/supported/IEEEtran/
%% and/or
%% http://www.ieee.org
%%**********************************************************************
%% Legal Notice:
%% This code is offered as-is without any warranty either expressed or
%% implied; without even the implied warranty of MERCHANTABILITY or
%% FITNESS FOR A PARTICULAR PURPOSE!
%% User assumes all risk.
%% In no event shall IEEE or any contributor to this code be liable for
%% any damages or losses, including, but not limited to, incidental,
%% consequential, or any other damages, resulting from the use or misuse
%% of any information contained here.
%%
%% This code is distributed under the Perl Artistic License
%% ( http://language.perl.com/misc/Artistic.html )
%% and may be freely used, distributed and modified - subject to the
%% constraints therein.
%% Retain all contribution notices, credits and disclaimers.
%%
%% All comments are the opinions of their respective authors and are not
%% necessarily endorsed by the IEEE.
%%**********************************************************************


% Note that, because the example references were taken from actual IEEE
% publications, these examples do not always contain the full amount
% of information that may be desirable (for use with other BibTeX styles).
% In particular, full names (not abbreviated with initials) should be
% entered whenever possible as some (non-IEEE) bibliography styles use
% full names. IEEEtran.bst will automatically abbreviate when it
% encounters full names.


@techreport{lncschap1,
  title={{Detection of emerging space-time clusters:prior work and new directions}},
  author={Neill, D.B., Moore, A.W.},
  volume = {Technical report},
  year={2004},
  institution = {Carnegie Mellon University}
}


@article{chisquare,
  author = "Wilks S. S.",
  title = "The large sample distribution of the likelihood ratio for testing composite hypotheses",
  journal= " Annals of Mathematical Statistics",
  volume = {},
  number = {9},
  pages = {60--62},
  publisher = "",
  year = "1938"
}


@article{apweb,
  author = "X.L. Pang, S. Chawla, B. Scholz and G.Wilcox:",
  title = "A Scalable Approach for LRT Computation in GPGPU Environments",
  journal= " APWeb",
  volume = {},
  number = {},
  pages = {595--608},
  publisher = "",
  year = "2013"
}

@inproceedings{jour,
 author = {{M. Wu, X. Song, C. Jermaine, S. Ranka, J. Gums}},
 title = {{A LRT Framework for Fast Spatial Anomaly Detection}},
 booktitle = {Proceedings of the 15th ACM SIGKDD international conference on Knowledge discovery and data mining (KDD '09)},
 isbn = {978-1-60558-495-9},
 pages = { 887--896},
 location = {Paris, France},
 doi = {http://doi.acm.org/10.1145/1557019.1557116},
}

@inproceedings{sssapp1,
 author = {J. Glaz, and N. Balakrishnan},
 title = {Scan statistics and applications},
 year = {1999},
 location = {Birkhauser, Boston,},
}
@inproceedings{sssapp2,
 author = {J. Glaz and J.Naus and S.Wallenstein},
 title = {Scan statistics},
 year = {2001},
 publisher = {Springer-Verlag},
 address = {New York},
}

@inproceedings{Hsu1,
 author = {R. Wu and B. Zhang and M. C. Hsu.},
 title = {Clustering billions of data points using GPUs},
 booktitle = {IACM UCHPC09: Second Workshop on UnConventional High Performance Computing},
 year = {2009},
 location = {Italy},
}
@inproceedings{Hsu2,
 author = {R. Wu and B. Zhang and M.C. Hsu.},
 title = {GPU-Accelerated Large Scale Analytics},
 booktitle = {IACM UCHPC09: Second Workshop on UnConventional High Performance Computing},
 doi={http://www.hpl.hp.com/techreports/2009/HPL-2009-38.html}
}
@inproceedings{Larew,
 author = {S. G. Larew and R. Maciejewski and I. Woo and D. S. Ebert.},
 title = {Spatial Scan Statistics on the GPGPU},
 booktitle = {Proceedings of the Visual Analytics in Healthcare Workshop at the IEEE Visualization Conference},
 year = {2010},
}
@inproceedings{zhao,
 author = {S. S. Zhao and CH. Zhou},
 title = {Accelerating spatial clustering detection of epidemic disease with graphics processing unit},
 booktitle = {In Proceedings of Geoinformatics},
 year = {2010},
 pages = {1--6},
 }
@inproceedings{lncschap,
 author = {Neill, D.B., Moore, A.W., Sabhnani, M., Daniel, K.},
 title = {Detection of Emerging Space-time Clusters},
 booktitle = {KDD '05: Proceedings of the eleventh ACM SIGKDD international conference on Knowledge discovery in data mining},
 year = {2005},
 isbn = {1-59593-135-X},
 pages = {218--227},
 location = {Chicago, Illinois, USA},
 doi = {http://doi.acm.org/10.1145/1081870.1081897},
 publisher = {ACM},
 address = {New York, NY, USA},
 }

 @inproceedings{ADMA,
 author = {X. L. Pang and S. Chawla and W. Liu and Y. Zheng.},
 title = {On Mining Anomalous Patterns in Road Traffic Streams},
 booktitle = {ADMA: In the 7th International Conference on Advanced Data Mining and Applications},
 year = {2011},
 pages = {237--251},
 }
  @inproceedings{irregular1,
 author = {R. Vuduc and A. Chandramowlishwaranv and J. Choi and M. Guney and A. Shringarpure},
 title = {On the Limits of GPU Acceleration},
 booktitle = {HotPar'10 Proceedings of the 2nd USENIX conference on Hot topics in parallelism},
 year = {2010},
 pages = {237--251},
 }
@inproceedings{irregular2,
 author = {A. Gregerson},
 title = {Implementing fast MRI gridding on GPUs via. CUDA},
 booktitle = {Nvidia Tech. Report on Medical Imaging using CUDA},
 year = {2008},
 }

 @inproceedings{Dag,
  title={Spatial scan statistics: approximations and performance study},
  author={D. Agarwal and A. McGregor and J. M. Phillips and S. Venkatasubramanian and Z. Zhu},
  booktitle={SIGKDD'06, Proceedings of the 12th ACM SIGKDD Conference on Knowledge Discovery and Data Mining},
  pages={24--33},
  year={2006},
}
 @inproceedings{irregular3,
 author = {S. Hong and S. K. Kim and T. Oguntebiv and K. Olukotun},
 title = {Efficient Parallel Graph Exploration on Multi-Core CPU and GPU},
 booktitle = {PPoPP '11 Proceedings of the 16th ACM symposium on Principles and practice of parallel programming},
 year = {2011},
 };
@electronic{mri,

   title={{http://www.oasis-brains.org/}},
};
@misc{lrtsrc,

   title={{https://github.com/qlinsey/parallel-lrt}},
};

@misc{horner,
  title         = "Horner Scheme",
  url           = "http://en.wikipedia.org/wiki/Horner's_method",
};
@electronic{lrt11,
  title={{http://en.wikipedia.org/wiki/Likelihood-ratio-test}},
};
@electronic{sat,
  title={{SatScan: http://www.SatScan.org}},
};
@electronic{cuda,
    title={{http://developer.nvidia.com/nvidia-gpu-computing-documentation}},
};

@electronic{gpugerm,
  title         = "GPU Gems 2",
  url           = "http://http.developer.nvidia.com/GPUGems2/gpugems2_chapter32.html",
};

 @article{proceeding3,
  title={{A density-based algorithm for discovering clusters in large spatial databases with noise}},
  author={M. Ester, H.-P. Kriegel, J. Sander, and X. Xu},
  journal={Data Mining and Knowledge Discovery},
  volume={2},
  number={2},
  pages={226--231},
  year={1998},
  publisher={Kluwer Academic Publishers Hingham, MA, USA}
}

 @article{proceeding2,
  title={{A method for clustering objects for spatial data mining}},
  author={R. Ng and J. Han. Clarans},
  journal={IEEE Trans. Knowl. Data Eng.},
  volume={14},
  number={5},
  pages={1003--1016 },
  year={2002},
  publisher={IEEE Computer Society}
}

@inproceedings{proceeding4,
  author    = {W. Wang, J. Yang, and R. R. Muntz. Sting},
  title     = {STING: A Statistical Information Grid Approach to Spatial Data
               Mining},
  booktitle = {VLDB'97, Proceedings of 23rd International Conference on Very
               Large Data Bases, August 25-29, 1997, Athens, Greece},
  publisher = {Morgan Kaufmann},
  year      = {1997},
  isbn      = {1-55860-470-7},
}

@inproceedings{wavlet,
  author    = {J.Zhao,C. T. Lu,Y. F. Kou, and J. Yang},
  title     = {Detecting Region Outliers in Meteorological Data},
  booktitle = {GIS’03, Proceedings of the 11th ACM international symposium on Advances in geographic information systems},
  publisher = {Morgan Kaufmann},
  year      = {2003},
  isbn      = {1-58113-730-3},
  doi = {http://doi.acm.org/10.1145/956676.956683},
}
@inproceedings{DagMaxmize,
  title={{The hunting of the bump: On maximizing statistical discrepancy}},
  author={D. Agarwal and J. M. Phillips and S. Venkatasubramanian},
  booktitle={SODA},
  pages={1137--1146},
  year={2006},
}

@article {sss,
	title = {A spatial scan statistic},
	journal = {Comm. in stat.: Theory and Methods},
    pages={1481–-1496},
	year = {1997},
	author = {M. Kulldorff.}
}

@book{sss2,
  title={{Spatial scan statistics: models, calculations, and applications}},
  author={M. Kulldorff.},
  publisher={In J. Glaz and N. Balakrishnan, editors, Scan Statistics and Applications,Birkhauser},
  pages={303--322},
  year={1999}}
}
 @article{ssst,
  title={{Evaluating cluster alarms: a space-time scan statistic and cluster alarms in los alamos}},
  author={M. Kulldorff, W. Athas, E. Feuer, B. Miller, and C. Key.},
  journal={American Journal of Public Health},
  volume={88},
  number={9},
  pages={1377--1380},
  year={1998},
}

@article {sssmedical,
	title = {Spatial disease clusters: detection and inference},
	journal = {Statistics in Medicine},
    pages={799--810},
	year = {1995},
	author = {M. Kulldorff and N. Nagarwalla}
}

 @article{bump,
  title={{Bump hunting in high-dimensional data}},
  author={J. H. Friedman and N. I. Fisher},
  journal={Stat. and Comp.},
  volume={9},
  number={2},
  pages={123--143},
  year={1999},
}

 @article{survey,
  title={{Anomaly Detection: A survey}},
  author={V. Chandola, A. Banerjee and V. Kumar},
  journal={Acm Computing Surveys},
  volume={41},
  number={3},
  pages={1--58},
  year={2009},
}

 @article{DBfaster,
  title={{A fast multi-resolution method for detection of significant spatial disease clusters}},
  author={D. B. Neill and A. W. Moore},
  journal={NIPS },
  pages={651--658},
  year={2003},
}

@inproceedings{DEM,
    author = {Beutel, Alex and M{\o}lhave, Thomas and Agarwal, Pankaj K.},
    title = {Natural neighbor interpolation based grid DEM construction using a
        GPU},
    series = {GIS '10},
    year = {2010},
    isbn = {978-1-4503-0428-3},
    location = {San Jose, California},
    pages = {172--181},
    numpages = {10},
    url = {http://doi.acm.org/10.1145/1869790.1869817},
    doi = {10.1145/1869790.1869817},
    acmid = {1869817},
    publisher = {ACM},
    address = {New York, NY, USA},
    keywords = {GIS, LIDAR, massive data, natural neighbor
        interpolation},
}

 @article{DBrapid,
  title={Rapid detection of significant spatial clusters},
  author={DB. Neill and A. W. Moore},
  journal={SIGKDD'04,Proceedings of the 10th ACM SIGKDD Conference on Knowledge Discovery and Data Mining},
  pages={256--265},
  year={2004},
 }
